<?xml version="1.0" encoding="UTF-8"?>
<record xmlns="http://www.loc.gov/MARC21/slim" xmlns:xsi="http://www.w3.org/2001/XMLSchema-instance" xsi:schemaLocation="http://www.loc.gov/MARC21/slim http://www.loc.gov/standards/marcxml/schema/MARC21slim.xsd">
<leader>     cam a22003251i 4500</leader>
<controlfield tag="001">001676825</controlfield>
<controlfield tag="003">NNU</controlfield>
<controlfield tag="005">20061010173151.0</controlfield>
<controlfield tag="008">990917r19731924ir       b    000 0 arar</controlfield>
<datafield tag="010" ind1=" " ind2=" ">
<subfield code="a">74960397</subfield>
</datafield>
<datafield tag="035" ind1="9" ind2=" ">
<subfield code="a">NYUb12220188</subfield>
</datafield>
<datafield tag="035" ind1=" " ind2=" ">
<subfield code="a">(NNU)NYUb12220188</subfield>
</datafield>
<datafield tag="040" ind1=" " ind2=" ">
<subfield code="a">DLC</subfield>
<subfield code="c">EYM</subfield>
<subfield code="d">m.c.</subfield>
<subfield code="d">CtY</subfield>
</datafield>
<datafield tag="050" ind1="0" ind2="0">
<subfield code="a">B430A8</subfield>
<subfield code="b">A7</subfield>
</datafield>
<datafield tag="066" ind1=" " ind2=" ">
<subfield code="c">(3</subfield>
</datafield>
<datafield tag="090" ind1=" " ind2=" ">
<subfield code="a">B430.A8</subfield>
<subfield code="b">A7</subfield>
</datafield>
<datafield tag="100" ind1="0" ind2=" ">
<subfield code="6">880-01</subfield>
<subfield code="a">Aristotle.</subfield>
</datafield>
<datafield tag="240" ind1="1" ind2="0">
<subfield code="a">Nicomachean ethics.</subfield>
<subfield code="l">Arabic</subfield>
</datafield>
<datafield tag="245" ind1="1" ind2="0">
<subfield code="6">880-02</subfield>
<subfield code="a">ʻIlm al-akhlāq ilá Nīqūmākhūs /</subfield>
<subfield code="c">taʼlīf Arisṭūṭālīs ; tarjamahu min al-Yūnānīyah ilá al-Faransīyah wa ṣaddarahu bi-muqaddimah mumtiʻah fī ʻilm al-akhlāq wa-taṭawwurātihi wa-ʻallaqa ʻalayhi taʻlīqāt tafsīrīyah Bārtalamī Sāntihlīr ; wa-naqalah ilá al-ʻArabīyah Aḥmad Luṭfī al-Sayyid.</subfield>
</datafield>
<datafield tag="246" ind1="1" ind2="5">
<subfield code="a">Science of ethics</subfield>
</datafield>
<datafield tag="260" ind1=" " ind2=" ">
<subfield code="6">880-03</subfield>
<subfield code="a">Tihrān :</subfield>
<subfield code="b">Intishārāt-i Āftāb,</subfield>
<subfield code="c">[1973]</subfield>
</datafield>
<datafield tag="300" ind1=" " ind2=" ">
<subfield code="a">2 v. ;</subfield>
<subfield code="c">28 cm.</subfield>
</datafield>
<datafield tag="500" ind1=" " ind2=" ">
<subfield code="a">Vol. 2 has added t.p.: Science of ethics.</subfield>
</datafield>
<datafield tag="500" ind1=" " ind2=" ">
<subfield code="a">Reprint of the 1924 ed. published by Maṭbaʻat Dār al-Kutub al-Miṣrīyah, Cairo.</subfield>
</datafield>
<datafield tag="504" ind1=" " ind2=" ">
<subfield code="a">Includes bibliographical references.</subfield>
</datafield>
<datafield tag="650" ind1=" " ind2="0">
<subfield code="a">Ethics.</subfield>
</datafield>
<datafield tag="700" ind1="1" ind2=" ">
<subfield code="a">Barthélemy Saint-Hilaire, J.</subfield>
<subfield code="q">(Jules),</subfield>
<subfield code="d">1805-1895.</subfield>
</datafield>
<datafield tag="880" ind1="0" ind2=" ">
<subfield code="6">100-01/</subfield>
<subfield code="a">أرسطوطاليس.</subfield>
</datafield>
<datafield tag="880" ind1="1" ind2="0">
<subfield code="6">245-02/</subfield>
<subfield code="a">علم الأخلاق إلى نيقوماخوس /</subfield>
<subfield code="c">تأليف أرسطوطاليس ؛ ترجمه من اليونانية إلى الفرنسية وصدره بمقدمة ممتعة في علم الأخلاق وتطوراته وعلق عليه تعليقات تفسيرية بارتلمي سانتهلير ؛ ونقله إلى العربية أحمد لطفي السيد.</subfield>
</datafield>
<datafield tag="880" ind1=" " ind2=" ">
<subfield code="6">260-03/</subfield>
<subfield code="a">تهران :</subfield>
<subfield code="b">انتشارات ٱفتاب،</subfield>
<subfield code="c">[1973]</subfield>
</datafield>
<datafield tag="OWN" ind1=" " ind2=" ">
<subfield code="a">GENERAL</subfield>
</datafield>
<datafield tag="998" ind1=" " ind2=" ">
<subfield code="a">20010429</subfield>
<subfield code="d">20010429</subfield>
<subfield code="d">20011212</subfield>
<subfield code="n">NNU</subfield>
<subfield code="s">6</subfield>
<subfield code="t">c</subfield>
<subfield code="z">p</subfield>
</datafield>
<datafield tag="AVA" ind1=" " ind2=" ">
<subfield code="a">NYU50</subfield>
<subfield code="b">BOBST</subfield>
<subfield code="c">Main Collection</subfield>
<subfield code="d">B430.A8 A7</subfield>
<subfield code="e">unavailable</subfield>
<subfield code="t">Unavailable</subfield>
<subfield code="f">1</subfield>
<subfield code="g">1</subfield>
<subfield code="h">Y</subfield>
<subfield code="i">0</subfield>
<subfield code="j">MAIN</subfield>
<subfield code="k">0</subfield>
</datafield>
</record>
